@article{propp1968morphology,
  title={Morphology of the Folktale. 1928},
  author={Propp, Vladimir},
  journal={Trans. Svatava Pirkova-Jakobson. 2nd ed. Austin: U of Texas P},
  year={1968}
}